
<record xmlns='http://www.loc.gov/MARC21/slim'><leader>01074nam  2200265 a 4500</leader><controlfield tag='001'>991036813058703811</controlfield><controlfield tag='005'>20170816123916.0</controlfield><controlfield tag='006'>m     o  d |      </controlfield><controlfield tag='007'>cr -n---------</controlfield><controlfield tag='008'>120625s2012    txu     o     000 0 eng d</controlfield><datafield ind1=' ' ind2=' ' tag='020'><subfield code='a'>1-936661-75-6</subfield></datafield><datafield ind1=' ' ind2=' ' tag='035'><subfield code='a'>(CKB)2670000000209408</subfield></datafield><datafield ind1=' ' ind2=' ' tag='035'><subfield code='a'>(EBL)895255</subfield></datafield><datafield ind1=' ' ind2=' ' tag='035'><subfield code='a'>(OCoLC)795119948</subfield></datafield><datafield ind1=' ' ind2=' ' tag='035'><subfield code='a'>(SSID)ssj0000694972</subfield></datafield><datafield ind1=' ' ind2=' ' tag='035'><subfield code='a'>(PQKBManifestationID)12312817</subfield></datafield><datafield ind1=' ' ind2=' ' tag='035'><subfield code='a'>(PQKBTitleCode)TC0000694972</subfield></datafield><datafield ind1=' ' ind2=' ' tag='035'><subfield code='a'>(PQKBWorkID)10686133</subfield></datafield><datafield ind1=' ' ind2=' ' tag='035'><subfield code='a'>(PQKB)11200865</subfield></datafield><datafield ind1=' ' ind2=' ' tag='035'><subfield code='a'>(MiAaPQ)EBC895255</subfield></datafield><datafield ind1=' ' ind2=' ' tag='035'><subfield code='a'>(EXLCZ)992670000000209408</subfield></datafield><datafield ind1=' ' ind2=' ' tag='040'><subfield code='a'>MiAaPQ</subfield><subfield code='c'>MiAaPQ</subfield><subfield code='d'>MiAaPQ</subfield></datafield><datafield ind1=' ' ind2=' ' tag='041'><subfield code='a'>eng</subfield></datafield><datafield ind1=' ' ind2='4' tag='050'><subfield code='a'>PS3563.A7239</subfield><subfield code='b'>B49 2012</subfield></datafield><datafield ind1='0' ind2='0' tag='082'><subfield code='a'>813.54</subfield><subfield code='a'>813/.54</subfield></datafield><datafield ind1='0' ind2='0' tag='245'><subfield code='a'>Beyond the wall</subfield><subfield code='h'>[electronic resource] :</subfield><subfield code='b'>exploring George R.R. Martin&apos;s A song of ice and fire, from A game of thrones to A dance with dragons /</subfield><subfield code='c'>edited by James Lowder ; [foreword by R.A. Salvatore].</subfield></datafield><datafield ind1=' ' ind2=' ' tag='260'><subfield code='a'>Dallas, Tex. :</subfield><subfield code='b'>BenBella Books, Inc.,</subfield><subfield code='c'>2012.</subfield></datafield><datafield ind1=' ' ind2=' ' tag='300'><subfield code='a'>1 online resource (241 p.)</subfield></datafield><datafield ind1=' ' ind2=' ' tag='336'><subfield code='a'>text</subfield><subfield code='b'>txt</subfield></datafield><datafield ind1=' ' ind2=' ' tag='337'><subfield code='a'>computer</subfield><subfield code='b'>c</subfield></datafield><datafield ind1=' ' ind2=' ' tag='338'><subfield code='a'>online resource</subfield><subfield code='b'>cr</subfield></datafield><datafield ind1='1' ind2=' ' tag='490'><subfield code='a'>Smart pop</subfield></datafield><datafield ind1=' ' ind2=' ' tag='500'><subfield code='a'>Description based upon print version of record.</subfield></datafield><datafield ind1='0' ind2=' ' tag='505'><subfield code='a'>Contents; Foreword; Introduction; The Palace of Love, the Palace of Sorrow; Men and Monsters; Same Song in a Different Key; An Unreliable World; Back to the Egg; Art Imitates War; The Brutal Cost of Redemption in Westeros; Of Direwolves and Gods; A Sword Without a Hilt; Petyr Baelish and the Mask of Sanity; A Different Kind of Other; Power and Feminism in Westeros; Collecting Ice and Fire in the Age of Nook and Kindle; Beyond the Ghetto; Acknowledgments</subfield></datafield><datafield ind1=' ' ind2=' ' tag='520'><subfield code='a'>&quot;&quot;There were a number of books about A Game of Thrones (the HBO series) and A Song of Ice and Fire (the books) published last year . . . the one that impressed me most was James Lowder&apos;s Beyond the Wall.&quot;&quot;?George R.R. MartinForeword by New York Times bestselling author R.A. SalvatoreGo beyond the Wall and across the narrow sea with this collection about George R.R. Martin&apos;s A Song of Ice and Fire, from A Game of Thrones to A Dance with Dragons.The epic game of thrones chronicled in George R.R. Martin&apos;s A Song of </subfield></datafield><datafield ind1=' ' ind2=' ' tag='546'><subfield code='a'>English</subfield></datafield><datafield ind1='1' ind2='0' tag='600'><subfield code='a'>Martin, George R. R.</subfield><subfield code='t'>Song of ice and fire</subfield><subfield code='x'>History and criticism.</subfield></datafield><datafield ind1=' ' ind2='4' tag='655'><subfield code='a'>Electronic books.</subfield></datafield><datafield ind1='1' ind2=' ' tag='700'><subfield code='a'>Lowder, James.</subfield></datafield><datafield ind1='1' ind2=' ' tag='700'><subfield code='a'>Salvatore, R. A.,</subfield><subfield code='d'>1959-</subfield></datafield><datafield ind1=' ' ind2=' ' tag='776'><subfield code='z'>1-936661-74-8</subfield></datafield><datafield ind1=' ' ind2='0' tag='830'><subfield code='a'>Smart pop series.</subfield></datafield><datafield ind1=' ' ind2=' ' tag='906'><subfield code='a'>BOOK</subfield></datafield><datafield ind1=' ' ind2=' ' tag='ADM'><subfield code='b'>2019-04-29 17:14:14</subfield><subfield code='e'>2670000000209408</subfield><subfield code='d'>PQNKB</subfield><subfield code='f'>20160803134623.0</subfield><subfield code='a'>2012-07-29 09:03:20</subfield><subfield code='c'>false</subfield></datafield><datafield ind1=' ' ind2=' ' tag='PRT'><subfield code='updated'>2017-07-07 20:31:54</subfield><subfield code='i'>61391921830003811</subfield><subfield code='e'>EBSCOhost</subfield><subfield code='c'>EBSCOhost Academic eBook Collection (North America)</subfield><subfield code='created'>2017-07-07 20:30:56</subfield><subfield code='j'>62391921820003811</subfield><subfield code='a'>53392102660003811</subfield><subfield code='b'>https://sandbox01-na.alma.exlibrisgroup.com/view/uresolver/01TULI_INST/openurl?u.ignore_date_coverage=true&amp;rft.mms_id=991036813058703811</subfield><subfield code='9'>Available</subfield><subfield code='h'>613640000000000029</subfield><subfield code='8'>53392102660003811</subfield></datafield><datafield ind1=' ' ind2=' ' tag='PRT'><subfield code='updated'>2019-04-29 17:15:29</subfield><subfield code='i'>61462386960003811</subfield><subfield code='e'>EBSCOhost</subfield><subfield code='c'>EBSCOhost Ebook Public Library Collection - North America</subfield><subfield code='created'>2019-04-29 17:14:32</subfield><subfield code='j'>62462386950003811</subfield><subfield code='a'>53462707540003811</subfield><subfield code='b'>https://sandbox01-na.alma.exlibrisgroup.com/view/uresolver/01TULI_INST/openurl?u.ignore_date_coverage=true&amp;rft.mms_id=991036813058703811</subfield><subfield code='9'>Available</subfield><subfield code='h'>614900000000000308</subfield><subfield code='8'>53462707540003811</subfield></datafield></record>