
<record xmlns='http://www.loc.gov/MARC21/slim'><leader>02608cam a2200421Ii 4500</leader><controlfield tag='005'>20180618141101.0</controlfield><controlfield tag='008'>110623r20111996nyuab         000 1 eng d</controlfield><controlfield tag='001'>991003637379703811</controlfield><datafield ind1=' ' ind2=' ' tag='020'><subfield code='a'>0553381687 (pbk.)</subfield></datafield><datafield ind1=' ' ind2=' ' tag='020'><subfield code='a'>9780553381689 (pbk.)</subfield></datafield><datafield ind1=' ' ind2=' ' tag='035'><subfield code='a'>(PPT)b56318376-01tuli_inst</subfield></datafield><datafield ind1=' ' ind2=' ' tag='035'><subfield code='a'>(OCoLC)732639176</subfield></datafield><datafield ind1=' ' ind2=' ' tag='040'><subfield code='a'>JOC</subfield><subfield code='c'>JOC</subfield><subfield code='d'>OLC</subfield><subfield code='d'>GO9</subfield><subfield code='e'>rda</subfield><subfield code='d'>RB0</subfield></datafield><datafield ind1=' ' ind2=' ' tag='049'><subfield code='a'>TMYM</subfield></datafield><datafield ind1=' ' ind2='4' tag='050'><subfield code='a'>PS3563.A7239</subfield><subfield code='b'>G35 2002</subfield></datafield><datafield ind1='1' ind2=' ' tag='100'><subfield code='a'>Martin, George R. R.</subfield><subfield code='e'>author.</subfield></datafield><datafield ind1='1' ind2='2' tag='245'><subfield code='a'>A game of thrones /</subfield><subfield code='c'>George R.R. Martin.</subfield></datafield><datafield ind1=' ' ind2=' ' tag='250'><subfield code='a'>Bantam Books Trade Paperback Edition.</subfield></datafield><datafield ind1=' ' ind2='1' tag='264'><subfield code='a'>New York :</subfield><subfield code='b'>Bantam Books,</subfield><subfield code='c'>[2011]</subfield></datafield><datafield ind1=' ' ind2='4' tag='264'><subfield code='c'>©1996</subfield></datafield><datafield ind1=' ' ind2=' ' tag='300'><subfield code='a'>694 pages :</subfield><subfield code='b'>illustrations, maps ;</subfield><subfield code='c'>25 cm.</subfield></datafield><datafield ind1=' ' ind2=' ' tag='336'><subfield code='a'>text</subfield><subfield code='2'>rdacontent</subfield></datafield><datafield ind1=' ' ind2=' ' tag='336'><subfield code='a'>still image</subfield><subfield code='2'>rdacontent</subfield></datafield><datafield ind1=' ' ind2=' ' tag='336'><subfield code='a'>cartographic image</subfield><subfield code='2'>rdacontent</subfield></datafield><datafield ind1=' ' ind2=' ' tag='337'><subfield code='a'>unmediated</subfield><subfield code='2'>rdamedia</subfield></datafield><datafield ind1=' ' ind2=' ' tag='338'><subfield code='a'>volume</subfield><subfield code='2'>rdacarrier</subfield></datafield><datafield ind1='0' ind2=' ' tag='490'><subfield code='a'>Book one of A song of ice and fire</subfield></datafield><datafield ind1=' ' ind2=' ' tag='500'><subfield code='a'>Includes two maps covering the territory of A game of thrones on endpapers.</subfield></datafield><datafield ind1=' ' ind2=' ' tag='500'><subfield code='a'>2011 Bantam Books / HBO tie-in trade paperback edition.</subfield></datafield><datafield ind1=' ' ind2=' ' tag='520'><subfield code='a'>&quot;Long ago, in a time forgotten, a preternatural event threw the seasons out of balance. In a land where summers can last decades and winters a lifetime, trouble is brewing. The cold is returning, and in the frozen wastes to the north of Winterfell, sinister and supernatural forces are massing beyond the kingdom&amp;#8217;s protective Wall. At the center of the conflict lie the Starks of Winterfell, a family as harsh and unyielding as the land they were born to. Sweeping from a land of brutal cold to a distant summertime kingdom of epicurean plenty, here is a tale of lords and ladies, soldiers and sorcerers, assassins and bastards, who come together in a time of grim omens. Here an enigmatic band of warriors bear swords of no human metal; a tribe of fierce wildlings carry men off into madness; a cruel young dragon prince barters his sister to win back his throne; and a determined woman undertakes the most treacherous of journeys. Amid plots and counterplots, tragedy and betrayal, victory and terror, the fate of the Starks, their allies, and their enemies hangs perilously in the balance, as each endeavors to win that deadliest of conflicts: the game of thrones.&quot; -- Book cover.</subfield></datafield><datafield ind1=' ' ind2='0' tag='650'><subfield code='a'>Seven kingdoms (Imaginary place)</subfield><subfield code='v'>Fiction.</subfield></datafield><datafield ind1=' ' ind2='0' tag='650'><subfield code='a'>Fantasy.</subfield></datafield><datafield ind1=' ' ind2='0' tag='650'><subfield code='a'>Fantasy fiction.</subfield></datafield><datafield ind1='1' ind2=' ' tag='800'><subfield code='a'>Martin, George R. R.</subfield><subfield code='t'>Song of ice and fire ;</subfield><subfield code='v'>bk. 1.</subfield></datafield><datafield ind1=' ' ind2=' ' tag='902'><subfield code='a'>170405</subfield></datafield><datafield ind1=' ' ind2=' ' tag='907'><subfield code='a'>.b56318376</subfield><subfield code='b'>hklei</subfield><subfield code='c'>-</subfield></datafield><datafield ind1=' ' ind2=' ' tag='945'><subfield code='l'>hklei</subfield><subfield code='a'>FICTION MAR</subfield><subfield code='g'>1</subfield></datafield><datafield ind1=' ' ind2=' ' tag='998'><subfield code='b'>1</subfield><subfield code='d'>m</subfield><subfield code='e'>a</subfield><subfield code='f'>-</subfield><subfield code='g'>2</subfield></datafield><datafield ind1=' ' ind2=' ' tag='ADM'><subfield code='b'>2020-01-20 09:44:31</subfield><subfield code='e'>b56318376-01tuli_inst</subfield><subfield code='d'>ILS</subfield><subfield code='a'>2017-06-20 10:47:45</subfield><subfield code='c'>false</subfield></datafield><datafield ind1='8' ind2=' ' tag='HLD'><subfield code='b'>GINSBURG</subfield><subfield code='c'>leisure</subfield><subfield code='h'>FICTION MAR</subfield><subfield code='8'>22306190380003811</subfield><subfield code='updated'>2017-09-22 13:09:28</subfield><subfield code='created'>2017-06-20 10:47:45</subfield></datafield><datafield ind1=' ' ind2=' ' tag='ITM'><subfield code='r'>22306190380003811</subfield><subfield code='b'>1</subfield><subfield code='h'>8</subfield><subfield code='g'>leisure</subfield><subfield code='t'>BOOK</subfield><subfield code='9'>39074501362180</subfield><subfield code='e'>leisure</subfield><subfield code='8'>23306190370003811</subfield><subfield code='a'>0</subfield><subfield code='i'>FICTION MAR</subfield><subfield code='updated'>2020-07-27 14:40:25</subfield><subfield code='q'>2017-06-20 10:47:45</subfield><subfield code='d'>GINSBURG</subfield><subfield code='f'>GINSBURG</subfield></datafield></record>
</collection>
